@article{5a1,
  doi = {10.1016/j.media.2008.02.004},
  url = {https://doi.org/10.1016/j.media.2008.02.004},
  year  = {2008},
  month = {aug},
  publisher = {Elsevier {BV}},
  volume = {12},
  number = {4},
  pages = {514--523},
  author = {J MANJON and J CARBONELLCABALLERO and J LULL and G GARCIAMARTI and L MARTIBONMATI and M ROBLES},
  title = {{MRI} denoising using Non-Local Means},
  journal = {Medical Image Analysis}
}

@article{5a2,
  doi = {10.1016/j.media.2009.11.001},
  url = {https://doi.org/10.1016/j.media.2009.11.001},
  year  = {2010},
  month = {apr},
  publisher = {Elsevier {BV}},
  volume = {14},
  number = {2},
  pages = {205--218},
  author = {Antonio Trist{\'{a}}n-Vega and Santiago Aja-Fern{\'{a}}ndez},
  title = {{DWI} filtering using joint information for {DTI} and {HARDI}},
  journal = {Medical Image Analysis}
}

@article{5a3,
	doi = {10.1109/83.791966},
	url = {https://doi.org/10.1109/83.791966},
	year  = {1999},
	publisher = {Institute of Electrical and Electronics Engineers ({IEEE})},
	volume = {8},
	number = {10},
	pages = {1408--1419},
	author = {R.D. Nowak},
	title = {Wavelet-based Rician noise removal for magnetic resonance imaging},
	journal = {{IEEE} Transactions on Image Processing}
}

@article{5a4,
	doi = {10.1109/tsmc.1979.4310076},
	url = {https://doi.org/10.1109/tsmc.1979.4310076},
	year  = {1979},
	month = {jan},
	publisher = {Institute of Electrical and Electronics Engineers ({IEEE})},
	volume = {9},
	number = {1},
	pages = {62--66},
	author = {Nobuyuki Otsu},
	title = {A Threshold Selection Method from Gray-Level Histograms},
	journal = {{IEEE} Transactions on Systems,  Man,  and Cybernetics}
}